<?xml version="1.0" encoding="UTF-8"?><collection xmlns="http://www.loc.gov/MARC21/slim"><record><leader>00625nam--2200193-i-4500</leader><controlfield tag="001">000011278</controlfield><controlfield tag="002">20161230</controlfield><controlfield tag="005">20161230201029</controlfield><controlfield tag="008">060222s1000------------r-----000-0-eng-d</controlfield><datafield ind1=" " ind2=" " tag="040"><subfield code="a">IFIN-HH</subfield></datafield><datafield ind1=" " ind2=" " tag="080"><subfield code="a">535-3:543.4</subfield></datafield><datafield ind1="1" ind2=" " tag="100"><subfield code="a">Damany, Nicole /S.A.</subfield></datafield><datafield ind1="1" ind2="0" tag="245"><subfield code="a">Some aspects of vacuum ultraviolet radiation physics</subfield><subfield code="c">NICOLE DAMANY (Executeve Editor) JACQUES ROMAND, BORIS VODAR (Eds.)</subfield></datafield><datafield ind1=" " ind2=" " tag="260"><subfield code="a">Oxford</subfield><subfield code="b">Pergamon Press</subfield><subfield code="c">1974</subfield></datafield><datafield ind1=" " ind2=" " tag="300"><subfield code="a">IX+330P</subfield></datafield><datafield ind1=" " ind2=" " tag="490"><subfield code="a">International Series Of Monographs In Natural Philosophy</subfield><subfield code="v">vol. 66</subfield></datafield><datafield ind1="1" ind2=" " tag="700"><subfield code="a">Vodar, Boris</subfield><subfield code="e">Ed</subfield></datafield><datafield ind1=" " ind2=" " tag="852"><subfield code="a">35855</subfield><subfield code="c">535</subfield></datafield><datafield ind1=" " ind2=" " tag="CAT"><subfield code="a">Sys</subfield><subfield code="c">20101101</subfield><subfield code="h">121825</subfield></datafield></record></collection>